<?xml version="1.0" encoding="UTF-8"?><collection xmlns="http://www.loc.gov/MARC21/slim"><record><leader>00423nam--2200133-i-4500</leader><controlfield tag="001">000011894</controlfield><controlfield tag="002">20161230</controlfield><controlfield tag="005">20161230201029</controlfield><controlfield tag="008">060222s1000------------r-----000-0-eng-d</controlfield><datafield ind1=" " ind2=" " tag="080"><subfield code="a">628.511(043)</subfield></datafield><datafield ind1=" " ind2=" " tag="100"><subfield code="a">Bellefonds, Philippe</subfield></datafield><datafield ind1=" " ind2=" " tag="245"><subfield code="a">Systeme numerique de commande d avance a l all image en vue de la redaction de la pollution a tmospherique.these</subfield></datafield><datafield ind1=" " ind2=" " tag="260"><subfield code="a">Paris, L Universite Paris 6, 1976. 193 P</subfield></datafield><datafield ind1=" " ind2=" " tag="852"><subfield code="a">44042</subfield></datafield></record></collection>